
@article{ichinose2017extraction,
  title={Extraction of high-purity single-chirality single-walled carbon nanotubes through precise pH control using carbon dioxide bubbling},
  author={Ichinose, Yota and Eda, Junko and Yomogida, Yohei and Liu, Zheng and Yanagi, Kazuhiro},
  journal={The Journal of Physical Chemistry C},
  volume={121},
  number={24},
  pages={13391--13395},
  year={2017},
  publisher={ACS Publications}
}

@article{dubietis2017ultrafast,
	title={Ultrafast supercontinuum generation in bulk condensed media},
	author={Dubietis, Audrius and Tamo{\v{s}}auskas, G and {\v{S}}uminas, R and Jukna, Vytautas and Couairon, Arnaud},
	journal={Lithuanian Journal of Physics},
	volume={57},
	number={3},
	pages={113--157},
	year={2017}
}